@article{Ancona2012,
 author = {Ancona, Massimo and Bronzini, Betty and Conte, Davide and Quercini, Gianluca},
 journal = {Interactive Multimedia},
 pages = {135},
 title = {Developing Attention-Aware and Context-Aware User Interfaces on Handheld Devices},
 year = {2012}
}

