@inproceedings{Quercini2010,
 author = {Quercini, Gianluca and Ancona, Massimo},
 booktitle = {International Symposium on Graph Drawing},
 organization = {Springer},
 pages = {341--352},
 title = {Confluent drawing algorithms using rectangular dualization},
 year = {2010}
}

