@inproceedings{Bennacer2014a,
 author = {Bennacer, Nacéra and Jipmo, Coriane Nana and Penta, Antonio and Quercini, Gianluca},
 booktitle = {EGC},
 pages = {65--76},
 title = {Réconciliation des profils dans les réseaux sociaux.},
 year = {2014}
}

