@article{Ancona2009,
 author = {Ancona, Massimo and Quercini, Gianluca},
 journal = {The Ergonomics Open Journal},
 pages = {185--195},
 title = {Text Entry in PDAs with WtX},
 volume = {2},
 year = {2009}
}

