@inproceedings{Quercini2014,
 author = {Quercini, Gianluca and Samet, Hanan},
 booktitle = {Proceedings of the 22nd ACM SIGSPATIAL International Conference on Advances in Geographic Information Systems},
 pages = {153--162},
 title = {Uncovering the spatial relatedness in Wikipedia},
 year = {2014}
}

