@inproceedings{Bennacer2014,
 author = {Bennacer, Nac√©ra and Jipmo, Coriane Nana and Penta, Antonio and Quercini, Gianluca},
 booktitle = {International Conference on Advanced Information Systems Engineering},
 organization = {Springer},
 pages = {424--438},
 title = {Matching user profiles across social networks},
 year = {2014}
}

