@inproceedings{Bennacer2017a,
 author = {Bennacer, Nac√©ra and Bugiotti, Francesca and Galicia, Jorge and Patricio, Mariana and Quercini, Gianluca},
 booktitle = {International Conference on Web Information Systems Engineering},
 organization = {Springer},
 pages = {109--116},
 title = {Eliminating Incorrect Cross-Language Links in Wikipedia},
 year = {2017}
}

