@inproceedings{Penta2012,
 author = {Penta, Antonio and Quercini, Gianluca and Reynaud, Chantal and Shadbolt, Nigel},
 booktitle = {ECAI},
 pages = {642--647},
 title = {Discovering Cross-language Links in Wikipedia through Semantic Relatedness.},
 year = {2012}
}

