@inproceedings{Ghufran2015,
 author = {Ghufran, Mohammad and Quercini, Gianluca and Bennacer, Nac√©ra},
 booktitle = {Proceedings of the 23rd SIGSPATIAL International Conference on Advances in Geographic Information Systems},
 pages = {1--10},
 title = {Toponym disambiguation in online social network profiles},
 year = {2015}
}

