@inproceedings{Ancona2006,
 author = {Ancona, Massimo and Cazzola, Walter and Drago, Sara and Quercini, Gianluca},
 booktitle = {11th IEEE Symposium on Computers and Communications (ISCC'06)},
 organization = {IEEE},
 pages = {1000--1005},
 title = {Visualizing and managing network topologies via rectangular dualization},
 year = {2006}
}

