@inproceedings{Quercini2010a,
 author = {Quercini, Gianluca and Samet, Hanan and Sankaranarayanan, Jagan and Lieberman, Michael D},
 booktitle = {Proceedings of the 18th SIGSPATIAL international conference on advances in geographic information systems},
 pages = {43--52},
 title = {Determining the spatial reader scopes of news sources using local lexicons},
 year = {2010}
}

