@inproceedings{Quercini2012,
 author = {Quercini, Gianluca and Setz, Jochen and Sonntag, Daniel and Reynaud, Chantal},
 booktitle = {WoLE@ ISWC},
 organization = {Citeseer},
 pages = {94--105},
 title = {Facetted Browsing on Extracted Fusion Tables Data for Digital Cities.},
 year = {2012}
}

