@article{Ancona2008,
 author = {Ancona, Massimo and Conte, Davide and Pian, Donatella and Pini, Sonia and Quercini, Gianluca and Traverso, Antonella},
 journal = {ARCHAIA: Case Studies on Research Planning, Characterisation, Conservation and Management of Archaeological Sites. Oxford: Archaeopress},
 pages = {173--178},
 title = {Wireless networks in archaeology and cultural heritage},
 year = {2008}
}

