@article{Seghouani2018,
 author = {Seghouani, Nac√©ra Bennacer and Bugiotti, Francesca and Hewasinghage, Moditha and Isaj, Suela and Quercini, Gianluca},
 journal = {Data Science and Engineering},
 number = {2},
 pages = {86--100},
 publisher = {Springer},
 title = {A frequent named entities-based approach for interpreting reputation in Twitter},
 volume = {3},
 year = {2018}
}

