@inproceedings{Ancona2006a,
 author = {Ancona, Massimo and Cappello, Marco and Casamassima, Marco and Cazzola, Walter and Conte, Davide and Pittore, Massimiliano and Quercini, Gianluca and Scagliola, Naomi and Villa, Matteo},
 booktitle = {Proc. IEEE of the 1st Int. Workshop on Mobile Vision (IMVâ€™06),(Graz, Austria, 2006)},
 title = {Mobile vision and cultural heritage: the agamemnon project},
 year = {2006}
}

