@inproceedings{Bogdanovych2009,
 author = {Bogdanovych, Anton and Papaleo, Laura and Ancona, Massimo and Mascardi, Viviana and Quercini, Gianluca and Simoff, Simeon and Cohen, Alex and Traverso, Antonella},
 booktitle = {Proc. of AI* IA Workshop On Intelligent Cultural Heritage},
 title = {Integrating agents and virtual institutions for sharing cultural heritage on the Web},
 year = {2009}
}

