@inproceedings{Setz2012,
 author = {Setz, Jochen and Quercini, Gianluca and Sonntag, Daniel and Reynaud, Chantal},
 booktitle = {35th Annual German Conference on Artificial Intelligence (Demo paper)},
 title = {Facetted search on extracted fusion tables data for digital cities},
 year = {2012}
}

