@inproceedings{Bennacer2015,
 author = {Bennacer, Nacéra and Vioulès, Mia Johnson and López, Maximiliano Ariel and Quercini, Gianluca},
 booktitle = {International Conference on Web Information Systems Engineering},
 organization = {Springer},
 pages = {539--553},
 title = {A multilingual approach to discover cross-language links in Wikipedia},
 year = {2015}
}

