@book{Schenker2018,
author = {Schenker, Gabriel},
title = {Learn Docker - Fundamentals of Docker 18.x},
edition = {1st edition},
publisher = {Packt Publishing,},
year= {2018}
}

