@inproceedings{Jipmo2017,
 author = {Jipmo, Coriane Nana and Quercini, Gianluca and Bennacer, Nac√©ra},
 booktitle = {International Conference on Advanced Data Mining and Applications},
 organization = {Springer},
 pages = {243--256},
 title = {Frisk: A multilingual approach to find twitteR InterestS via wiKipedia},
 year = {2017}
}

