@inproceedings{Ancona2005,
 author = {Ancona, M and Locati, S and Mancini, M and Romagnoli, A and Quercini, G},
 booktitle = {Advances in Graphonomics, Proceedings of International Graphonomics Symposium},
 title = {Comfortable textual data entry for PocketPC: the WTX system},
 year = {2005}
}

