@article{Seghouani2019,
 author = {Seghouani, Nac√©ra Bennacer and Jipmo, Coriane Nana and Quercini, Gianluca},
 journal = {Information Retrieval Journal},
 number = {1-2},
 pages = {129--158},
 publisher = {Springer},
 title = {Determining the interests of social media users: two approaches},
 volume = {22},
 year = {2019}
}

