@incollection{Ancona2007b,
 author = {Ancona, M and Drago, S and Quercini, G and Bogdanovych, A},
 booktitle = {Applied and Industrial Mathematics in Italy II},
 pages = {37--48},
 publisher = {World Scientific},
 title = {Rectangular Dualization of Biconnected Planar Graphs in Linear Time and Related Applications},
 year = {2007}
}

