@article{Quercini2012a,
 author = {Quercini, Gianluca and Reynaud, Chantal},
 journal = {Atelier Ontologies et Jeux de Données pour évaluer le Web Sémantique (OJD) associé à IC},
 title = {Des données tabulaires à RDF: l’extraction de données de Google Fusion Tables},
 volume = {2012},
 year = {2012}
}

