@incollection{Quercini2017,
 author = {Quercini, Gianluca and Bennacer, Nac√©ra and Ghufran, Mohammad and Jipmo, Coriane Nana},
 booktitle = {Advances in Knowledge Discovery and Management},
 pages = {229--253},
 publisher = {Springer},
 title = {Liaison: reconciliation of individuals profiles across social networks},
 year = {2017}
}

