@inproceedings{Bennacer2017,
 author = {Bennacer, Nac√©ra and Bugiotti, Francesca and Hewasinghage, Moditha and Isaj, Suela and Quercini, Gianluca},
 booktitle = {International Conference on Web Information Systems Engineering},
 organization = {Springer},
 pages = {49--56},
 title = {Interpreting reputation through frequent named entities in twitter},
 year = {2017}
}

