@inproceedings{Ancona2010,
 author = {Ancona, Massimo and Mascardi, Viviana and Quercini, Gianluca and Bogdanovych, Anton and De Lumley, H and Papaleo, Laura and Simoff, Simeon and Traverso, Antonella},
 booktitle = {Proc. of the 11th VAST International Symposium on Virtual Reality, Archaeology and Cultural Heritage},
 pages = {5--8},
 title = {Virtual institutions for preserving and simulating the culture of Mount Bego's ancient people},
 year = {2010}
}

