@inproceedings{Sais2020,
 address = {New York, NY, USA},
 author = {Saïs, Fatiha and Malaverri, Joana E. Gonzales and Quercini, Gianluca},
 booktitle = {Proceedings of the 35th Annual ACM Symposium on Applied Computing},
 pages = {2039–2048},
 publisher = {Association for Computing Machinery},
 series = {SAC ’20},
 title = {MOMENT: Temporal Meta-Fact Generation and Propagation in Knowledge Graphs},
 year = {2020}
}

