@inproceedings{Ancona2007a,
 author = {Ancona, Massimo and Quercini, Gianluca and Dominici, Luca},
 booktitle = {Proceedings of the 13th Conference of the International Graphonomics Society},
 pages = {201--204},
 title = {An Improved Text Entry Tool for PDAs},
 year = {2007}
}

