@inproceedings{Quercini2013,
 author = {Quercini, Gianluca and Reynaud, Chantal},
 booktitle = {Proceedings of the 16th International Conference on Extending Database Technology},
 pages = {693--704},
 title = {Entity discovery and annotation in tables},
 year = {2013}
}

