@inproceedings{Nassiri2020,
 author = {Nassiri, Armita Khajeh and Pernelle, Nathalie and Saı̈s, Fatiha and Quercini, Gianluca},
 booktitle = {International Semantic Web Conference},
 organization = {Springer},
 pages = {311--329},
 title = {Generating Referring Expressions from RDF Knowledge Graphs for Data Linking},
 year = {2020}
}

