@inproceedings{Seghouani2018a,
 author = {Nacéra Bennacer Seghouani and
Francesca Bugiotti and
Jorge Galicia and
Mariana Patricio and
Gianluca Quercini},
 booktitle = {EGC},
 pages = {397--402},
 title = {Élimination des liens inter-langues erronés
dans Wikipédia},
 year = {2018}
}

