@inproceedings{Isaj2019,
 author = {Isaj, Suela and Seghouani, Nac√©ra Bennacer and Quercini, Gianluca},
 booktitle = {International Conference on Advanced Information Systems Engineering},
 organization = {Springer},
 pages = {126--141},
 title = {Profile Reconciliation Through Dynamic Activities Across Social Networks},
 year = {2019}
}

