@inproceedings{Papaleo2011,
 author = {Papaleo, Laura and Quercini, Gianluca and Mascardi, Viviana and Ancona, Massimo and Traverso, A and de Lumley, Henry},
 booktitle = {ICAART},
 pages = {288--295},
 title = {Agents and Ontologies for Understanding and Preserving the Rock Art of Mount Bego.},
 year = {2011}
}

