@inproceedings{Nassiri2020,
  author={Nassiri, Armita Khajeh and Pernelle, Nathalie and Sa{\"\i}s, Fatiha and Quercini, Gianluca},
  title={{Generating Referring Expressions from RDF Knowledge Graphs for Data Linking}},
  booktitle={International Semantic Web Conference},
  pages={311--329},
  year={2020},
  organization={Springer}
}

@inproceedings{Sais2020, 
   author = {Sa\"{\i}s, Fatiha and Malaverri, Joana E. Gonzales and Quercini, Gianluca}, 
   title = {MOMENT: Temporal Meta-Fact Generation and Propagation in Knowledge Graphs}, 
   booktitle = {Proceedings of the 35th Annual ACM Symposium on Applied Computing}, 
   series = {SAC ’20},
   pages = {2039–2048}, 
   year = {2020}, 
   publisher = {Association for Computing Machinery}, 
   address = {New York, NY, USA}
}

@article{Ancona2012,
  title={Developing Attention-Aware and Context-Aware User Interfaces on Handheld Devices},
  author={Ancona, Massimo and Bronzini, Betty and Conte, Davide and Quercini, Gianluca},
  journal={Interactive Multimedia},
  pages={135},
  year={2012}
}

@article{Seghouani2019,
  title={Determining the interests of social media users: two approaches},
  author={Seghouani, Nac{\'e}ra Bennacer and Jipmo, Coriane Nana and Quercini, Gianluca},
  journal={Information Retrieval Journal},
  volume={22},
  number={1-2},
  pages={129--158},
  year={2019},
  publisher={Springer}
}

@article{Seghouani2018,
  title={A frequent named entities-based approach for interpreting reputation in Twitter},
  author={Seghouani, Nac{\'e}ra Bennacer and Bugiotti, Francesca and Hewasinghage, Moditha and Isaj, Suela and Quercini, Gianluca},
  journal={Data Science and Engineering},
  volume={3},
  number={2},
  pages={86--100},
  year={2018},
  publisher={Springer}
}

@incollection{Quercini2017,
  title={Liaison: reconciliation of individuals profiles across social networks},
  author={Quercini, Gianluca and Bennacer, Nac{\'e}ra and Ghufran, Mohammad and Jipmo, Coriane Nana},
  booktitle={Advances in Knowledge Discovery and Management},
  pages={229--253},
  year={2017},
  publisher={Springer}
}

@article{Ancona2009,
  title={Text Entry in PDAs with WtX},
  author={Ancona, Massimo and Quercini, Gianluca},
  journal={The Ergonomics Open Journal},
  volume={2},
  pages={185--195},
  year={2009}
}

@article{Ancona2008,
  title={Wireless networks in archaeology and cultural heritage},
  author={Ancona, Massimo and Conte, Davide and Pian, Donatella and Pini, Sonia and Quercini, Gianluca and Traverso, Antonella},
  journal={ARCHAIA: Case Studies on Research Planning, Characterisation, Conservation and Management of Archaeological Sites. Oxford: Archaeopress},
  pages={173--178},
  year={2008}
}

@incollection{Ancona2007b,
  title={Rectangular Dualization of Biconnected Planar Graphs in Linear Time and Related Applications},
  author={Ancona, M and Drago, S and Quercini, G and Bogdanovych, A},
  booktitle={Applied and Industrial Mathematics in Italy II},
  pages={37--48},
  year={2007},
  publisher={World Scientific}
}

@inproceedings{Seghouani2018a,
  author    = {Nac{\'{e}}ra Bennacer Seghouani and
               Francesca Bugiotti and
               Jorge Galicia and
               Mariana Patricio and
               Gianluca Quercini},
  title     = {{\'{E}}limination des liens inter-langues erron{\'{e}}s
               dans Wikip{\'{e}}dia},
  booktitle = {EGC},
  pages     = {397--402},
  year      = {2018}
}

@inproceedings{Jipmo2017,
  title={Frisk: A multilingual approach to find twitteR InterestS via wiKipedia},
  author={Jipmo, Coriane Nana and Quercini, Gianluca and Bennacer, Nac{\'e}ra},
  booktitle={International Conference on Advanced Data Mining and Applications},
  pages={243--256},
  year={2017},
  organization={Springer}
}

@inproceedings{Ghufran2017,
  title={Wikipedia-based extraction of key information from resumes},
  author={Ghufran, Mohammad and Bennacer, Nac{\'e}ra and Quercini, Gianluca},
  booktitle={2017 11th International Conference on Research Challenges in Information Science (RCIS)},
  pages={135--145},
  year={2017},
  organization={IEEE}
}

@inproceedings{Bennacer2017,
  title={Interpreting reputation through frequent named entities in twitter},
  author={Bennacer, Nac{\'e}ra and Bugiotti, Francesca and Hewasinghage, Moditha and Isaj, Suela and Quercini, Gianluca},
  booktitle={International Conference on Web Information Systems Engineering},
  pages={49--56},
  year={2017},
  organization={Springer}
}

@inproceedings{Bennacer2017a,
  title={Eliminating Incorrect Cross-Language Links in Wikipedia},
  author={Bennacer, Nac{\'e}ra and Bugiotti, Francesca and Galicia, Jorge and Patricio, Mariana and Quercini, Gianluca},
  booktitle={International Conference on Web Information Systems Engineering},
  pages={109--116},
  year={2017},
  organization={Springer}
}

@inproceedings{Jipmo2016,
  title={Cat{\'e}gorisation et D{\'e}sambigu{\"\i}sation des Int{\'e}r{\^e}ts des Individus dans le Web Social.},
  author={Jipmo, Coriane Nana and Quercini, Gianluca and Bennacer, Nac{\'e}ra},
  booktitle={EGC},
  pages={523--524},
  year={2016}
}

@inproceedings{Ghufran2015,
  title={Toponym disambiguation in online social network profiles},
  author={Ghufran, Mohammad and Quercini, Gianluca and Bennacer, Nac{\'e}ra},
  booktitle={Proceedings of the 23rd SIGSPATIAL International Conference on Advances in Geographic Information Systems},
  pages={1--10},
  year={2015}
}

@inproceedings{Bennacer2015,
  title={A multilingual approach to discover cross-language links in Wikipedia},
  author={Bennacer, Nac{\'e}ra and Vioul{\`e}s, Mia Johnson and L{\'o}pez, Maximiliano Ariel and Quercini, Gianluca},
  booktitle={International Conference on Web Information Systems Engineering},
  pages={539--553},
  year={2015},
  organization={Springer}
}

@inproceedings{Bennacer2014,
  title={Matching user profiles across social networks},
  author={Bennacer, Nac{\'e}ra and Jipmo, Coriane Nana and Penta, Antonio and Quercini, Gianluca},
  booktitle={International Conference on Advanced Information Systems Engineering},
  pages={424--438},
  year={2014},
  organization={Springer}
}

@inproceedings{Bennacer2014a,
  title={R{\'e}conciliation des profils dans les r{\'e}seaux sociaux.},
  author={Bennacer, Nac{\'e}ra and Jipmo, Coriane Nana and Penta, Antonio and Quercini, Gianluca},
  booktitle={EGC},
  pages={65--76},
  year={2014}
}

@inproceedings{Quercini2014,
  title={Uncovering the spatial relatedness in Wikipedia},
  author={Quercini, Gianluca and Samet, Hanan},
  booktitle={Proceedings of the 22nd ACM SIGSPATIAL International Conference on Advances in Geographic Information Systems},
  pages={153--162},
  year={2014}
}

@inproceedings{Quercini2013,
  title={Entity discovery and annotation in tables},
  author={Quercini, Gianluca and Reynaud, Chantal},
  booktitle={Proceedings of the 16th International Conference on Extending Database Technology},
  pages={693--704},
  year={2013}
}

@inproceedings{Penta2012,
  title={Discovering Cross-language Links in Wikipedia through Semantic Relatedness.},
  author={Penta, Antonio and Quercini, Gianluca and Reynaud, Chantal and Shadbolt, Nigel},
  booktitle={ECAI},
  pages={642--647},
  year={2012}
}

@inproceedings{Setz2012,
  title={Facetted search on extracted fusion tables data for digital cities},
  author={Setz, Jochen and Quercini, Gianluca and Sonntag, Daniel and Reynaud, Chantal},
  booktitle={35th Annual German Conference on Artificial Intelligence (Demo paper)},
  year={2012}
}

@inproceedings{Papaleo2011,
  title={Agents and Ontologies for Understanding and Preserving the Rock Art of Mount Bego.},
  author={Papaleo, Laura and Quercini, Gianluca and Mascardi, Viviana and Ancona, Massimo and Traverso, A and de Lumley, Henry},
  booktitle={ICAART},
  pages={288--295},
  year={2011}
}

@inproceedings{Quercini2010,
  title={Confluent drawing algorithms using rectangular dualization},
  author={Quercini, Gianluca and Ancona, Massimo},
  booktitle={International Symposium on Graph Drawing},
  pages={341--352},
  year={2010},
  organization={Springer}
}

@inproceedings{Quercini2010a,
  title={Determining the spatial reader scopes of news sources using local lexicons},
  author={Quercini, Gianluca and Samet, Hanan and Sankaranarayanan, Jagan and Lieberman, Michael D},
  booktitle={Proceedings of the 18th SIGSPATIAL international conference on advances in geographic information systems},
  pages={43--52},
  year={2010}
}

@inproceedings{Ancona2010,
  title={Virtual institutions for preserving and simulating the culture of Mount Bego's ancient people},
  author={Ancona, Massimo and Mascardi, Viviana and Quercini, Gianluca and Bogdanovych, Anton and De Lumley, H and Papaleo, Laura and Simoff, Simeon and Traverso, Antonella},
  booktitle={Proc. of the 11th VAST International Symposium on Virtual Reality, Archaeology and Cultural Heritage},
  pages={5--8},
  year={2010}
}

@inproceedings{Ancona2007,
  title={Attention-aware cultural heritage applications on mobile phones},
  author={Ancona, Massimo and Conte, Davide and Quercini, Gianluca and Casamassima, Marco},
  booktitle={2007 IEEE International Symposium on a World of Wireless, Mobile and Multimedia Networks},
  pages={1--8},
  year={2007},
  organization={IEEE}
}

@inproceedings{Ancona2006,
  title={Visualizing and managing network topologies via rectangular dualization},
  author={Ancona, Massimo and Cazzola, Walter and Drago, Sara and Quercini, Gianluca},
  booktitle={11th IEEE Symposium on Computers and Communications (ISCC'06)},
  pages={1000--1005},
  year={2006},
  organization={IEEE}
}

@inproceedings{Ancona2007a,
  title={An Improved Text Entry Tool for PDAs},
  author={Ancona, Massimo and Quercini, Gianluca and Dominici, Luca},
  booktitle={Proceedings of the 13th Conference of the International Graphonomics Society},
  pages={201--204},
  year={2007}
}

@inproceedings{Ancona2005,
  title={Comfortable textual data entry for PocketPC: the WTX system},
  author={Ancona, M and Locati, S and Mancini, M and Romagnoli, A and Quercini, G},
  booktitle={Advances in Graphonomics, Proceedings of International Graphonomics Symposium},
  year={2005}
}

@inproceedings{Quercini2012,
  title={Facetted Browsing on Extracted Fusion Tables Data for Digital Cities.},
  author={Quercini, Gianluca and Setz, Jochen and Sonntag, Daniel and Reynaud, Chantal},
  booktitle={WoLE@ ISWC},
  pages={94--105},
  year={2012},
  organization={Citeseer}
}

@article{Quercini2012a,
  title={Des donn{\'e}es tabulaires {\`a} RDF: l’extraction de donn{\'e}es de Google Fusion Tables},
  author={Quercini, Gianluca and Reynaud, Chantal},
  journal={Atelier Ontologies et Jeux de Donn{\'e}es pour {\'e}valuer le Web S{\'e}mantique (OJD) associ{\'e} {\`a} IC},
  volume={2012},
  year={2012}
}

@inproceedings{Bogdanovych2009,
  title={Integrating agents and virtual institutions for sharing cultural heritage on the Web},
  author={Bogdanovych, Anton and Papaleo, Laura and Ancona, Massimo and Mascardi, Viviana and Quercini, Gianluca and Simoff, Simeon and Cohen, Alex and Traverso, Antonella},
  booktitle={Proc. of AI* IA Workshop On Intelligent Cultural Heritage},
  year={2009}
}

@inproceedings{Ancona2006a,
  title={Mobile vision and cultural heritage: the agamemnon project},
  author={Ancona, Massimo and Cappello, Marco and Casamassima, Marco and Cazzola, Walter and Conte, Davide and Pittore, Massimiliano and Quercini, Gianluca and Scagliola, Naomi and Villa, Matteo},
  booktitle={Proc. IEEE of the 1st Int. Workshop on Mobile Vision (IMV’06),(Graz, Austria, 2006)},
  year={2006}
}

@inproceedings{Isaj2019,
  title={Profile Reconciliation Through Dynamic Activities Across Social Networks},
  author={Isaj, Suela and Seghouani, Nac{\'e}ra Bennacer and Quercini, Gianluca},
  booktitle={International Conference on Advanced Information Systems Engineering},
  pages={126--141},
  year={2019},
  organization={Springer}
}


