@inproceedings{Jipmo2016,
 author = {Jipmo, Coriane Nana and Quercini, Gianluca and Bennacer, Nacéra},
 booktitle = {EGC},
 pages = {523--524},
 title = {Catégorisation et Désambiguı̈sation des Intérêts des Individus dans le Web Social.},
 year = {2016}
}

