@inproceedings{Ghufran2017,
 author = {Ghufran, Mohammad and Bennacer, Nac√©ra and Quercini, Gianluca},
 booktitle = {2017 11th International Conference on Research Challenges in Information Science (RCIS)},
 organization = {IEEE},
 pages = {135--145},
 title = {Wikipedia-based extraction of key information from resumes},
 year = {2017}
}

